% -*- coding: utf-8; -*-

% Websites
%@Misc{1,
%  key         = {1},
%  author      = {\uppercase{}},
%  title       = {},
%  howpublished = {},
%  url         = {},
%  note        = {Acesso em: },
%  year        = {}
%}

% Artigos
%@INPROCEEDINGS{2,
%  key = {2},
%  author = {},
%  title = {},
%  booktitle = {},
%  year = {,
%  series = {},
%  pages = {},
%  address = {},
%  publisher = {},
%  articleno = {},
%  doi = {},
%  isbn = {},
%  location = {},
%  numpages = {}
%}

@article{martin1996blackboard,
    key = {1},
  title={A blackboard system for automatic transcription of simple polyphonic music},
  author={Martin, Keith D},
  journal={Massachusetts Institute of Technology Media Laboratory Perceptual Computing Section Technical Report},
  number={385},
  year={1996}
}

@article{benetos2013automatic,
    key = {2},
  title={Automatic music transcription: challenges and future directions},
  author={Benetos, Emmanouil and Dixon, Simon and Giannoulis, Dimitrios and Kirchhoff, Holger and Klapuri, Anssi},
  journal={Journal of Intelligent Information Systems},
  volume={41},
  number={3},
  pages={407--434},
  year={2013},
  publisher={Springer}
}

@inproceedings{klapuri1998automatic,
    key = {3},
  title={Automatic transcription of music},
  author={Klapuri, Anssi and Eronen, Antti},
  booktitle={Proceedings of the Stockholm Music Acoustics Conference},
  pages={6--9},
  year={1998}
}

@article{schloss1986automatic,
    key = {4},
  title={ON THE AUTOMATIC TRANSCRIPTION OF PERCUSSIVE MUSIC--FROM ACOUSTIC SIGNAL TO HIGH-LEVEL ANALYSIS.},
  author={Schloss, W Andrew},
  year={1986}
}

@inproceedings{chordia2005segmentation,
    key = {5},
  title={Segmentation and Recognition of Tabla Strokes.},
  author={Chordia, Parag},
  booktitle={ISMIR},
  volume={20056},
  pages={107--114},
  year={2005}
}

@Misc{gillet2003automatic,
    key = {6},
  author      = {\uppercase{Gillet, Olivier} and \uppercase{Richard, Gaël}},
  title       = {Automatic Labelling of Tabla Signals},
  howpublished = {Proceedings on International Symposium on Music Information Retrieval 2003},
  url         = {http://jhir.library.jhu.edu/handle/1774.2/19},
  note        = {Acesso em: 18 set. 2019},
  year        = {2003}
}

@article{sillanpaa2000drum,
    key = {7},
  title={Drum stroke recognition},
  author={Sillanp{\"a}{\"a}, Jukka},
  journal={Tampere University of Technology. Tampere, Finland},
  year={2000}
}

@inproceedings{anantapadmanabhan2013modal,
    key = {8},
  title={Modal analysis and transcription of strokes of the mridangam using non-negative matrix factorization},
  author={Anantapadmanabhan, Akshay and Bellur, Ashwin and Murthy, Hema A},
  booktitle={2013 IEEE International Conference on Acoustics, Speech and Signal Processing},
  pages={181--185},
  year={2013},
  organization={IEEE}
}

@book{magalhaes2018tecnica,
    key = {9},
    author = {Magalh{\~a}es, Clarice Fernandes},
    booktitle = {Técnica e Levadas para Pandeiro Brasileiro},
    edition = {1},
    title = {Técnica e Levadas para Pandeiro Brasileiro},
    year = {2018}
}

@unpublished{magalhaes2016pandeiro,
    key = {10},
  title={PANDEIRO--T{\'E}CNICA E LEVADAS},
  author={Magalh{\~a}es, Clarice Fernandes}
  note = {Pré-projeto de pesquisa}
}

@inproceedings{takeda2007rhythm,
    key = {11},
  title={Rhythm and tempo analysis toward automatic music transcription},
  author={Takeda, Haruto and Nishimoto, Takuya and Sagayama, Shigeki},
  booktitle={2007 IEEE International Conference on Acoustics, Speech and Signal Processing-ICASSP'07},
  volume={4},
  pages={IV--1317},
  year={2007},
  organization={IEEE}
}

@inproceedings{raffel2014mir_eval,
    key = {12},
  title={mir\_eval: A transparent implementation of common MIR metrics},
  author={Raffel, Colin and McFee, Brian and Humphrey, Eric J and Salamon, Justin and Nieto, Oriol and Liang, Dawen and Ellis, Daniel PW and Raffel, C Colin},
  booktitle={In Proceedings of the 15th International Society for Music Information Retrieval Conference, ISMIR},
  year={2014},
  organization={Citeseer}
}

@inproceedings{mcfee2015librosaDesign,
    key = {13},
  title={librosa: Audio and music signal analysis in python},
  author={McFee, Brian and Raffel, Colin and Liang, Dawen and Ellis, Daniel PW and McVicar, Matt and Battenberg, Eric and Nieto, Oriol},
  booktitle={Proceedings of the 14th python in science conference},
  volume={8},
  year={2015}
}

@misc{mcfee2015librosaCode,
    key = {14},
  title={Librosa: v0. 4.0},
  author={McFee, Brian and McVicar, Matt and Raffel, Colin and Liang, Dawen and Nieto, Oriol and Moore, Josh and Ellis, Dan and Repetto, Douglas and Viktorin, Petr and Santos, Joao Felipe and others},
  year={2015},
  publisher={Zenodo}
}

@inproceedings{bogdanov2013essentia,
    key = {15},
  title={ESSENTIA: an open-source library for sound and music analysis},
  author={Bogdanov, Dmitry and Wack, Nicolas and G{\'o}mez, Emilia and Gulati, Sankalp and Herrera, Perfecto and Mayor, Oscar and Roma, Gerard and Salamon, Justin and Zapata, Jos{\'e} and Serra, Xavier},
  booktitle={Proceedings of the 21st ACM international conference on Multimedia},
  pages={855--858},
  year={2013},
  organization={ACM}
}

@article{cuthbert2010music21,
    key = {16},
  title={music21: A toolkit for computer-aided musicology and symbolic music data},
  author={Cuthbert, Michael Scott and Ariza, Christopher},
  year={2010},
  publisher={International Society for Music Information Retrieval}
}

@inproceedings{guaus2005rhythm,
    key = {17},
  title={The rhythm transform: towards a Generic rhythm Description.},
  author={Guaus, Enric and Herrera, Perfecto}
}

@inproceedings{good2001musicxml,
    key = {18},
  title={MusicXML: An internet-friendly format for sheet music},
  author={Good, Michael and others},
  booktitle={XML Conference and Expo},
  pages={03--04},
  year={2001}
}
@Misc{scikit2019Clustering,
    key = {19},
  title       = {Clustering},
  url         = {https://scikit-learn.org/stable/modules/clustering.html#clustering},
  note        = {Acesso em: 01 dez. 2019}
}